<collection xmlns="http://www.loc.gov/MARC21/slim">
<record>
  <leader>01811nam0a22003851i 450 </leader>
  <controlfield tag="001">IT\ICCU\CNCE\038937</controlfield>
  <controlfield tag="005">20080403000000.0</controlfield>
  <datafield tag="012" ind1=" " ind2=" ">
    <subfield code="a">ici- nto- a-u- duex (3) 1583 (R)</subfield>
    <subfield code="2">fei</subfield>
  </datafield>
  <datafield tag="100" ind1=" " ind2=" ">
    <subfield code="a">19981030d1583        0itac0103    ba</subfield>
  </datafield>
  <datafield tag="101" ind1=" " ind2=" ">
    <subfield code="a">LAT</subfield>
    <subfield code="a">GRC</subfield>
  </datafield>
  <datafield tag="102" ind1=" " ind2=" ">
    <subfield code="a">IT</subfield>
  </datafield>
  <datafield tag="200" ind1="1" ind2=" ">
    <subfield code="a">℗Iani Pelusii Crotoniatae ℗Epistola apologetica, &amp; criminatoria</subfield>
  </datafield>
  <datafield tag="210" ind1=" " ind2=" ">
    <subfield code="a">Parmae</subfield>
    <subfield code="c">ex officina Erasmi Vioti</subfield>
    <subfield code="d">1583</subfield>
    <subfield code="e">\Parma</subfield>
    <subfield code="g">Erasmo Viotti!</subfield>
  </datafield>
  <datafield tag="215" ind1=" " ind2=" ">
    <subfield code="a">95, \1! p.</subfield>
    <subfield code="d">8ʻ</subfield>
  </datafield>
  <datafield tag="620" ind1=" " ind2=" ">
    <subfield code="a">IT</subfield>
    <subfield code="d">Parma</subfield>
  </datafield>
  <datafield tag="700" ind1=" " ind2="1">
    <subfield code="a">Pelusio,</subfield>
    <subfield code="b">Giano</subfield>
    <subfield code="3">IT\ICCU\CNCA\003093</subfield>
  </datafield>
  <datafield tag="712" ind1="0" ind2="0">
    <subfield code="a">Viotti, Erasmo</subfield>
    <subfield code="3">IT\ICCU\CNCT\000264</subfield>
    <subfield code="4">650</subfield>
  </datafield>
  <datafield tag="790" ind1=" " ind2="1">
    <subfield code="a">Pelusius,</subfield>
    <subfield code="b">Ianus</subfield>
    <subfield code="3">IT\ICCU\CNCA\014731</subfield>
    <subfield code="z">Pelusio, Giano</subfield>
  </datafield>
  <datafield tag="791" ind1="0" ind2="0">
    <subfield code="a">Viothus, Erasmus</subfield>
    <subfield code="3">IT\ICCU\CNCT\004167</subfield>
    <subfield code="z">Viotti, Erasmo</subfield>
  </datafield>
  <datafield tag="791" ind1="0" ind2="0">
    <subfield code="a">Vioto, Erasmo</subfield>
    <subfield code="3">IT\ICCU\CNCT\005893</subfield>
    <subfield code="z">Viotti, Erasmo</subfield>
  </datafield>
  <datafield tag="791" ind1="0" ind2="0">
    <subfield code="a">Viotus, Erasmus</subfield>
    <subfield code="3">IT\ICCU\CNCT\005894</subfield>
    <subfield code="z">Viotti, Erasmo</subfield>
  </datafield>
  <datafield tag="791" ind1="0" ind2="0">
    <subfield code="a">Viottus, Erasmus</subfield>
    <subfield code="3">IT\ICCU\CNCT\005895</subfield>
    <subfield code="z">Viotti, Erasmo</subfield>
  </datafield>
  <datafield tag="791" ind1="0" ind2="0">
    <subfield code="a">Viotto, Erasmo</subfield>
    <subfield code="3">IT\ICCU\CNCT\005896</subfield>
    <subfield code="z">Viotti, Erasmo</subfield>
  </datafield>
  <datafield tag="801" ind1=" " ind2="3">
    <subfield code="a">IT</subfield>
    <subfield code="b">ICCU</subfield>
    <subfield code="c">20201114</subfield>
  </datafield>
  <datafield tag="899" ind1=" " ind2=" ">
    <subfield code="a">Biblioteca civica A. Mai. Bergamo</subfield>
    <subfield code="1">BG0026</subfield>
    <subfield code="2">LO1 02</subfield>
  </datafield>
  <datafield tag="899" ind1=" " ind2=" ">
    <subfield code="a">Biblioteca civica. Cosenza</subfield>
    <subfield code="1">CS0044</subfield>
    <subfield code="2">RCA 20</subfield>
  </datafield>
  <datafield tag="899" ind1=" " ind2=" ">
    <subfield code="a">Biblioteca comunale Pietro Siciliani. Galatina</subfield>
    <subfield code="1">LE0209</subfield>
    <subfield code="2">LEK SF</subfield>
  </datafield>
  <datafield tag="899" ind1=" " ind2=" ">
    <subfield code="a">Biblioteca Estense Universitaria. Modena</subfield>
    <subfield code="1">MO0089</subfield>
    <subfield code="2">MOD BE</subfield>
  </datafield>
  <datafield tag="899" ind1=" " ind2=" ">
    <subfield code="a">Biblioteca universitaria. Padova</subfield>
    <subfield code="1">PD0158</subfield>
    <subfield code="2">PUV 00</subfield>
  </datafield>
  <datafield tag="899" ind1=" " ind2=" ">
    <subfield code="a">Biblioteca comunale Augusta. Perugia</subfield>
    <subfield code="1">PG0109</subfield>
    <subfield code="2">UM1 01</subfield>
  </datafield>
  <datafield tag="899" ind1=" " ind2=" ">
    <subfield code="a">Biblioteca della Fondazione Ranieri di Sorbello. Perugia</subfield>
    <subfield code="1">PG0147</subfield>
    <subfield code="2">UM1 88</subfield>
  </datafield>
  <datafield tag="899" ind1=" " ind2=" ">
    <subfield code="a">Biblioteca  Panizzi. Reggio Emilia</subfield>
    <subfield code="1">RE0052</subfield>
    <subfield code="2">RE2 PA</subfield>
  </datafield>
  <datafield tag="899" ind1=" " ind2=" ">
    <subfield code="a">Biblioteca nazionale centrale. Roma</subfield>
    <subfield code="1">RM0267</subfield>
    <subfield code="2">BVE CR</subfield>
  </datafield>
  <datafield tag="899" ind1=" " ind2=" ">
    <subfield code="a">Biblioteca dell&apos;Opera pia del collegio Nazareno. Roma</subfield>
    <subfield code="1">RM0654</subfield>
    <subfield code="2">RMS M4</subfield>
  </datafield>
  <datafield tag="899" ind1=" " ind2=" ">
    <subfield code="a">Biblioteca nazionale universitaria. Torino</subfield>
    <subfield code="1">TO0265</subfield>
    <subfield code="2">TO0 02</subfield>
  </datafield>
</record>
</collection>
